@book{吴大任1979微分几何讲义,
  title={微分几何讲义},
  author={吴大任},
  publisher={微分几何讲义},
  year={1979},
}

@book{Huybrechts2004ComplexGA,
  title={Complex Geometry: An Introduction},
  author={Daniel Huybrechts},
  publisher={Springer},
  year={2004},
}

@article{Guan2015ASO,
  title={A solution of an $L^2$ extension problem with an optimal estimate and applications},
  author={Qi'an Guan and Xiangyu Zhou},
  journal={Annals of Mathematics},
  year={2015},
  volume={181},
  pages={1139-1208},
  url={https://api.semanticscholar.org/CorpusID:264249609}
}


@book{ahlfors,
  author    = {Lars V. Ahlfors and L. Sario},
  title     = {Riemann surfaces},
  series    = {Princeton Mathematical Series},
  number    = {26},
  publisher = {Princeton University Press},
  address   = {Princeton, N.J.},
  year      = {1960},
  pages     = {xi+382}
}

@article{berndtsson,
  author  = {B. Berndtsson},
  title   = {The extension theorem of Ohsawa-Takegoshi and the theorem of Donnelly-Fefferman},
  journal = {Ann. L'Inst. Fourier (Grenoble)},
  volume  = {46},
  number  = {4},
  year    = {1996},
  pages   = {1083--1094}
}

@article{berndtsson98,
  author  = {B. Berndtsson},
  title   = {Prekopa's theorem and Kiselman's minimal principle for plurisubharmonic functions},
  journal = {Math. Ann.},
  volume  = {312},
  year    = {1998},
  pages   = {785--792}
}

@article{berndtsson05,
  author  = {B. Berndtsson},
  title   = {Integral formulas and the Ohsawa-Takegoshi extension theorem},
  journal = {Sci. China Ser. A},
  volume  = {48},
  year    = {2005},
  number  = {Suppl.},
  pages   = {61--73}
}

@article{berndtsson06,
  author  = {B. Berndtsson},
  title   = {Subharmonicity properties of the Bergman kernel and some other functions associated to pseudoconvex domains},
  journal = {Ann. Inst. Fourier (Grenoble)},
  volume  = {56},
  year    = {2006},
  pages   = {1633-1662}
}

@article{berndtsson09,
  author  = {B. Berndtsson},
  title   = {Curvature of vector bundles associated to holomorphic fibrations},
  journal = {Annals of Math},
  volume  = {169},
  year    = {2009},
  pages   = {531--560}
}

@misc{B-P08b,
  author = {B. Berndtsson and M. P\u{a}un},
  title  = {A Bergman kernel proof of the Kawamata subadjunction theorem},
  year   = {2008},
  note   = {arXiv:0804.3884v2}
}

@article{B-P08,
  author  = {B. Berndtsson and M. P\u{a}un},
  title   = {Bergman kernels and the pseudoeffectivity of relative canonical bundles},
  journal = {Duke. Math. J.},
  volume  = {145},
  year    = {2008},
  pages   = {341--378}
}

@misc{B-P10,
  author = {B. Berndtsson and M. P\u{a}un},
  title  = {Bergman kernels and subadjunction},
  year   = {2010},
  note   = {arXiv:1002.4145v1}
}

@article{B-P12,
  author  = {B. Berndtsson and M. P\u{a}un},
  title   = {Quantitative extensions of pluricanonical forms and closed positive currents},
  journal = {Nagoya Math. J.},
  volume  = {205},
  year    = {2012},
  pages   = {25--65}
}

@article{blocki12,
  author  = {Z. Blocki},
  title   = {On the Ohsawa-Takegoshi extension theorem},
  journal = {Univ. Iag. Acta Math.},
  volume  = {50},
  year    = {2012},
  pages   = {53-61}
}

@article{blocki12a,
  author  = {Z. Blocki},
  title   = {Suita conjecture and the Ohsawa-Takegoshi extension theorem},
  journal = {Invent Math.},
  volume  = {193},
  year    = {2013},
  pages   = {149-158}
}

@book{chen-shaw,
  author    = {S.-C. Chen and M.-C. Shaw},
  title     = {Partial differential equations in several complex variables},
  publisher = {AMS/IP},
  year      = {2001}
}

@article{D-H92,
  author  = {K. Diederich and G. Herbort},
  title   = {Extension of holomorphic $L^{2}$ functions with weighted growth conditions},
  journal = {Nagaya Math. J.},
  volume  = {126},
  year    = {1992},
  pages   = {144--157}
}

@article{demailly82,
  author  = {J.-P. Demailly},
  title   = {Estimations $L^2$ pour l'op\'{e}rateur d'un fibr\'{e} vectoriel holomorphe semi-positif au-dessus d'une vari\'{e}t\'{e} k\"{a}hl\'{e}rienne compl\`{e}te},
  journal = {Ann. Sci. \'{E}cole Norm. Sup.},
  volume  = {15},
  number  = {3},
  year    = {1982},
  pages   = {457--511}
}

@article{demailly86,
  author  = {J.-P. Demailly},
  title   = {Fonction de Green pluricomplexe et mesures pluriharmoniques},
  journal = {S\'{e}minaire de Th\'{e}orie Spectrale et G\'{e}om\'{e}trie, No. 4, Ann\'{e}e 1985--1986},
  pages   = {131--143},
  year    = {1986},
  address = {Univ. Grenoble I, Saint-Martin-d'H\`{e}res}
}

@misc{demailly99,
  author = {J.-P. Demailly},
  title  = {On the Ohsawa-Takegoshi-Manivel $L^{2}$ extension theorem},
  note   = {Proceedings of the Conference in honour of the 85th birthday of Pierre Lelong, Paris, September 1997, Progress in Mathematics, Birkh\"auser, 2000}
}

@misc{demailly-book,
  author = {J.-P. Demailly},
  title  = {Complex analytic and differential geometry},
  note   = {electronically accessible at http://www-fourier.ujf-grenoble.fr/~demailly/books.html}
}

@book{demailly2010,
  author    = {J.-P. Demailly},
  title     = {Analytic Methods in Algebraic Geometry},
  publisher = {Higher Education Press},
  address   = {Beijing},
  year      = {2010}
}

@article{D-P,
  author  = {J.-P. Demailly and C. D. Hacon and M. P\u{a}un},
  title   = {Extension theorems, Non-vanishing and the existence of good minimal models},
  journal = {Acta Math.},
  volume  = {210},
  number  = {2},
  year    = {2013},
  pages   = {203--259}
}

@article{FN1980,
  author  = {J. E. Forn{\ae}ss and R. Narasimhan},
  title   = {The Levi problem on complex spaces with singularities},
  journal = {Math. Ann.},
  volume  = {248},
  number  = {1},
  year    = {1980},
  pages   = {47--72}
}

@article{FSi,
  author  = {J.E. Fornaess and N. Sibony},
  title   = {Some open problems in higher dimensional complex analysis and complex dynamics},
  journal = {Publ. Mat.},
  volume  = {45},
  number  = {2},
  year    = {2001},
  pages   = {529-547}
}

@book{farkas,
  author    = {H. M. Farkas and I. Kra},
  title     = {Riemann surfaces},
  series    = {Graduate Texts in Mathematics},
  volume    = {71},
  publisher = {Springer-Verlag},
  address   = {New York-Berlin},
  year      = {1980}
}

@article{grauert,
  author  = {H. Grauert},
  title   = {Charakterisierung der Holomorphiegebiete durch die vollst\"{a}ndige K\"{a}hlersche Metrik},
  journal = {Math. Ann.},
  volume  = {131},
  year    = {1956},
  pages   = {38--75}
}

@book{grauert-remmert1,
  author    = {H. Grauert and R. Remmert},
  title     = {Theory of Stein spaces},
  series    = {Grundlehren der Mathematischen Wissenschaften},
  number    = {236},
  publisher = {Springer-Verlag},
  address   = {Berlin},
  year      = {1979}
}

@book{grauert-remmert,
  author    = {H. Grauert and R. Remmert},
  title     = {Coherent analytic sheaves},
  series    = {Grundlehren der Mathematischen Wissenschaften},
  number    = {265},
  publisher = {Springer-Verlag},
  address   = {Berlin},
  year      = {1984},
  pages     = {xviii+249},
  isbn      = {3-540-13178-7}
}

@book{G-H,
  author    = {P. Griffiths and J. Harris},
  title     = {Principles of algebraic geometry},
  series    = {Pure and Applied Mathematics},
  publisher = {Wiley-Interscience [John Wiley $\&$ Sons]},
  address   = {New York},
  year      = {1978},
  pages     = {xii+813},
  isbn      = {0-471-32792-1}
}

@article{guan-zhou-zhu11,
  author  = {Q.A. Guan and X.Y. Zhou and L.F. Zhu},
  title   = {On the Ohsawa-Takegoshi $L^2$ extension theorem and the twisted Bochner-Kodaira identity},
  journal = {C. R. Acad. Sci. Paris, Ser. I},
  volume  = {349},
  number  = {13--14},
  year    = {2011},
  pages   = {797--800}
}

@article{guan-zhou12,
  author  = {Q.A. Guan and X.Y. Zhou},
  title   = {Optimal constant problem in the $L^{2}$ extension theorem},
  journal = {C. R. Acad. Sci. Paris, Ser. I},
  volume  = {350},
  number  = {15--16},
  year    = {2012},
  pages   = {753--756}
}

@article{guan-zhou12a,
  author  = {Q.A. Guan and X.Y. Zhou},
  title   = {Generalized $L^{2}$ extension theorem and a conjecture of Ohsawa},
  journal = {C. R. Acad. Sci. Paris, Ser. I},
  volume  = {351},
  number  = {3--4},
  year    = {2013},
  pages   = {111--114}
}

@misc{guan-zhou12p,
  author = {Q.A. Guan and X.Y. Zhou},
  title  = {Optimal constant in $L^2$ extension and a proof of a conjecture of Ohsawa},
  note   = {(details of \cite{guan-zhou12a}), submitted}
}

@article{guan-zhou13a,
  author  = {Q.A. Guan and X.Y. Zhou},
  title   = {An $L^{2}$ extension theorem with optimal estimate},
  journal = {C. R. Acad. Sci. Paris, Ser. I},
  volume  = {352},
  number  = {2},
  year    = {2014},
  pages   = {137--141}
}

@book{gunning-rossi,
  author    = {R. C. Gunning and H. Rossi},
  title     = {Analytic functions of several complex variables},
  publisher = {Prentice-Hall, Inc.},
  address   = {Englewood Cliffs, N.J.},
  year      = {1965}
}

@book{hormander,
  author    = {L. H\"{o}mander},
  title     = {An introduction to complex analysis in several variables},
  edition   = {third},
  publisher = {Elsevier Science Publishing},
  year      = {1990}
}

@article{ki2000,
  author  = {C.O. Kiselman},
  title   = {Plurisubharmonic functions and potential theory in several complex variables},
  booktitle = {Development of Mathematics: 1950-2000},
  pages   = {654-714},
  year    = {2000}
}

@article{manivel93,
  author  = {L. Manivel},
  title   = {Un th\'{e}or\`{e}me de prolongement $L^2$ de sections holomorphes d'un fibr\'{e} vectoriel},
  journal = {Math. Zeitschrift},
  volume  = {212},
  year    = {1993},
  pages   = {107--122}
}

@article{mcneal-varolin,
  author  = {J. McNeal and D. Varolin},
  title   = {Analytic inversion of adjunction: $L^{2}$ extension theorems with gain},
  journal = {Ann. L'Inst. Fourier (Grenoble)},
  volume  = {57},
  number  = {3},
  year    = {2007},
  pages   = {703--718}
}

@article{ohsawa2,
  author  = {T. Ohsawa},
  title   = {On the extension of $L^{2}$  holomorphic functions. II},
  journal = {Publ. Res. Inst. Math. Sci.},
  volume  = {24},
  number  = {2},
  year    = {1988},
  pages   = {265--275}
}

@article{ohsawa3,
  author  = {T. Ohsawa},
  title   = {On the extension of $L^{2}$ holomorphic functions. III. Negligible weights},
  journal = {Math. Z.},
  volume  = {219},
  number  = {2},
  year    = {1995},
  pages   = {215--225}
}

@book{ohsawa4,
  author    = {T. Ohsawa},
  title     = {On the extension of $L^{2}$ holomorphic functions. IV. A new density concept},
  booktitle = {Geometry and analysis on complex manifolds},
  publisher = {World Sci. Publ.},
  address   = {River Edge, NJ},
  year      = {1994},
  pages     = {157--170}
}

@article{ohsawa95,
  author  = {T. Ohsawa},
  title   = {Addendum to "On the Bergman kernel of hyperconvex domains"},
  journal = {Nagoya Math. J.},
  volume  = {137},
  year    = {1995},
  pages   = {145--148}
}

@article{ohsawa5,
  author  = {T. Ohsawa},
  title   = {On the extension of $L^2$ holomorphic functions. V. Effects of generalization},
  journal = {Nagoya Math. J.},
  volume  = {161},
  year    = {2001},
  pages   = {1--21}
}

@article{ohsawa5-erratum,
  author  = {T. Ohsawa},
  title   = {Erratum to: "On the extension of $L^2$ holomorphic functions. V. Effects of generalization"},
  journal = {Nagoya Math. J.},
  volume  = {163},
  year    = {2001},
  pages   = {229}
}

@book{ohsawa6,
  author    = {T. Ohsawa},
  title     = {On the extension of $L^2$ holomorphic functions. VI. a limiting case},
  booktitle = {Contemporary Mathematics},
  volume    = {332},
  year      = {2003},
  pages     = {235--239}
}

@article{ohsawa-takegoshi,
  author  = {T. Ohsawa and K. Takegoshi},
  title   = {On the extension of $L^{2}$ holomorphic functions},
  journal = {Math. Z.},
  volume  = {195},
  year    = {1987},
  pages   = {197--204}
}

@article{ort06,
  author  = {J. Ortega-Cerd\'{a} and A. Schuster and D. Varolin},
  title   = {Interpolation and sampling hypersurfaces for the Bargmann-Fock space in higher dimensions},
  journal = {Math. Ann.},
  volume  = {335},
  number  = {1},
  year    = {2006},
  pages   = {79--107}
}

@article{paun07,
  author  = {M. P\u{a}un},
  title   = {Siu's invariance of plurigenera: a one-tower proof},
  journal = {J. Differential Geom.},
  volume  = {76},
  number  = {3},
  year    = {2007},
  pages   = {485--493}
}

@book{sario,
  author    = {L. Sario and K. Oikawa},
  title     = {Capacity functions},
  series    = {Die Grundlehren der mathematischen Wissenschaften},
  number    = {Band 149},
  publisher = {Springer-Verlag New York Inc.},
  address   = {New York},
  year      = {1969}
}

@book{schiffer,
  author    = {M. Schiffer and D.C. Spencer},
  title     = {Functionals of finite Riemann surfaces},
  publisher = {Princeton University Press},
  address   = {Princeton, N. J.},
  year      = {1954},
  pages     = {x+451}
}

@article{siu96,
  author  = {Y.-T. Siu},
  title   = {The Fujita conjecture and the extension theorem of Ohsawa-Takegoshi},
  journal = {Geometric Complex Analysis},
  note    = {Hayama. World Scientific},
  year    = {1996},
  pages   = {577--592}
}

@article{siu98,
  author  = {Y.-T. Siu},
  title   = {Invariance of plurigenera},
  journal = {Invent. Math.},
  volume  = {134},
  number  = {3},
  year    = {1998},
  pages   = {661--673}
}

@incollection{siu00,
  author    = {Y.-T. Siu},
  title     = {Extension of twisted pluricanonical sections with plurisubharmonic weight and invariance of semipositively twisted plurigenera for manifolds not necessarily of general type},
  booktitle = {Complex geometry (G\"{o}ttingen, 2000)},
  publisher = {Springer},
  address   = {Berlin},
  year      = {2002},
  pages     = {223--277}
}

@misc{siu13,
  author = {Y.T. Siu},
  title  = {Function theory of several complex variables},
  note   = {in Chinese, notes by Chen Zhihua and Zhong Jiaqing, Higher Educational Press},
  year   = {2013}
}

@article{suita,
  author  = {N. Suita},
  title   = {Capacities and kernels on Riemann surfaces},
  journal = {Arch. Ration. Mech. Anal.},
  volume  = {46},
  year    = {1972},
  pages   = {212--217}
}

@article{suita76,
  author  = {N. Suita and A. Yamada},
  title   = {On the Lu Qi-keng conjecture},
  journal = {Proc. Amer. Math. Soc.},
  volume  = {59},
  number  = {2},
  year    = {1976},
  pages   = {222--224}
}

@book{Straube,
  author    = {E. Straube},
  title     = {Lectures on the $L^2$-Sobolev Theory of the $\bar\partial$-Neumann Problem},
  series    = {ESI Lectures in Mathematics and Physics},
  publisher = {European Mathematical Society},
  address   = {Zurich},
  year      = {2010}
}

@book{tsuji,
  author    = {M. Tsuji},
  title     = {Potential theory in modern function theory},
  publisher = {Maruzen Co., Ltd.},
  address   = {Tokyo},
  year      = {1959},
  pages     = {590}
}

@misc{yamada98,
  author = {A. Yamada},
  title  = {Topics related to reproducing kemels, theta functions and the Suita conjecture},
  note   = {Japanese, The theory of reproducing kemels and their applications (Japanese) (Kyoto, 1998), Su-rikaisekikenkyu-sho Ko-kyu-roku No. 1067 (1998), 39-47}
}

@inproceedings{zhou2002,
  author    = {Xiangyu Zhou},
  title     = {Some results related to group actions in several complex variables},
  booktitle = {Proceedings of the International Congress of Mathematicians, Vol. II (Beijing, 2002)},
  publisher = {Higher Ed. Press},
  address   = {Beijing},
  year      = {2002},
  pages     = {743--753}
}

@article{zhou,
  author  = {Xiangyu Zhou},
  title   = {Invariant holomorphic extension in several complex variables},
  journal = {Sci. China Ser. A},
  volume  = {49},
  number  = {11},
  year    = {2006},
  pages   = {1593--1598}
}

@inproceedings{zhou-zhu2012,
  author    = {X.Y. Zhou and L.F. Zhu},
  title     = {$L^2$-extension theorem: revisited},
  booktitle = {Fifth International Congress of Chinese Mathematicians},
  part      = {1, 2},
  pages     = {475--490},
  series    = {AMS/IP Stud. Adv. Math.},
  number    = {51},
  publisher = {Amer. Math. Soc.},
  address   = {Providence, RI},
  year      = {2012}
}

@article{guan-zhou-zhu10,
  author  = {L.F. Zhu and Q.A. Guan and X.Y. Zhou},
  title   = {On the Ohsawa-Takegoshi $L^2$ extension theorem and the Bochner-Kodaira identity with non-smooth twist factor},
  journal = {J. Math. Pures Appl.},
  volume  = {97},
  number  = {6},
  year    = {2012},
  pages   = {579--601}
}









